@phdthesis{Chen2020,
  title = {人机技能传递系统及方法研究},
  author = {陈, 垂泽},
  year = {2020},
  collaborator = {杨, 辰光},
  langid = {chinese},
  school = {华南理工大学}
}

@inproceedings{Chen2021a,
  title = {A Novel Curved Gaussian Mixture Model and Its Application in Motion Skill Encoding},
  booktitle = {2021 IEEE/RSJ International Conference on Intelligent Robots and Systems (IROS)},
  author = {Chen, Disi and Li, Gongfa and Zhou, Dalin and Ju, Zhaojie},
  year = {2021},
  pages = {7813--7818},
  publisher = {IEEE},
  address = {Prague, Czech Republic},
  isbn = {978-1-66541-714-3},
  langid = {english}
}

@article{Dong2023,
  title = {A Novel Human-Robot Skill Transfer Method for Contact-Rich Manipulation Task},
  author = {Dong, Jiale and Si, Weiyong and Yang, Chenguang},
  year = {2023},
  journal = {Robotic Intelligence and Automation},
  volume = {43},
  number = {3},
  pages = {327--337},
  publisher = {Emerald Publishing Limited}
}

@inproceedings{Dong2023a,
  title = {Robot Learning from Multiple Demonstrations Based on Generalized Gaussian Mixture Model},
  booktitle = {2023 28th International Conference on Automation and Computing (ICAC)},
  author = {Dong, Jiale and Si, Weiyong and Wang, Ning and Yang, Chenguang},
  year = {2023},
  pages = {1--6}
}

@article{Grillenzoni2019,
  title = {Local Curve and Surface Detection in Spatial Data Using Gaussian Mixtures},
  author = {Grillenzoni, Carlo},
  year = {2019},
  journal = {GEM - International Journal on Geomathematics},
  volume = {10},
  number = {1},
  pages = {19},
  langid = {english}
}

@article{Huang2009,
  title = {Visual-Based Impedance Control of Out-of-Plane Cell Injection Systems},
  author = {Huang, Haibo and Sun, Dong and Mills, James K. and Li, Wen J. and Cheng, Shuk Han},
  year = {2009},
  journal = {IEEE Transactions on Automation Science and Engineering},
  volume = {6},
  number = {3},
  pages = {565--571}
}

@article{Huang2019,
  title = {Kernelized Movement Primitives},
  author = {Huang, Yanlong and Rozo, Leonel and Silv{\'e}rio, Jo{\~a}o and Caldwell, Darwin},
  year = {2019},
  journal = {The International Journal of Robotics Research},
  volume = {38},
  pages = {833--852}
}

@article{Ju,
  title = {A Fuzzy Framework for Human Hand Motion Recognition},
  author = {Ju, Zhaojie},
  langid = {english}
}

@article{Ju2011,
  title = {A Unified Fuzzy Framework for Human-Hand Motion Recognition},
  author = {Ju, Zhaojie and Liu, Honghai},
  year = {2011},
  journal = {IEEE Transactions on Fuzzy Systems},
  volume = {19},
  number = {5},
  pages = {901--913}
}

@article{Ju2012,
  title = {Fuzzy Gaussian Mixture Models},
  author = {Ju, Zhaojie and Liu, Honghai},
  year = {2012},
  journal = {Pattern Recognition},
  volume = {45},
  number = {3},
  pages = {1146--1158},
  langid = {english}
}

@inproceedings{Lin2017,
  title = {Structure Modelling of the Human Body Using FGMM},
  booktitle = {2017 IEEE International Conference on Cybernetics and Intelligent Systems (CIS) and IEEE Conference on Robotics, Automation and Mechatronics (RAM)},
  author = {Lin, Huifeng and Yang, Chenguang and Chen, Silu and Wang, Ning and Wang, Min and Ju, Zhaojie},
  year = {2017},
  pages = {809--814},
  publisher = {IEEE},
  address = {Ningbo},
  isbn = {978-1-5386-3135-5},
  langid = {english}
}

@incollection{Liu2017,
  title = {Fuzzy Gaussian Mixture Models},
  booktitle = {Human Motion Sensing and Recognition: A Fuzzy Qualitative Approach},
  author = {Liu, Honghai and Ju, Zhaojie and Ji, Xiaofei and Chan, Chee Seng and Khoury, Mehdi},
  editor = {Liu, Honghai and Ju, Zhaojie and Ji, Xiaofei and Chan, Chee Seng and Khoury, Mehdi},
  year = {2017},
  series = {Studies in Computational Intelligence},
  pages = {95--121},
  publisher = {Springer},
  address = {Berlin, Heidelberg},
  isbn = {978-3-662-53692-6},
  langid = {english}
}

@book{Liu2017a,
  title = {Human Motion Sensing and Recognition: A Fuzzy Qualitative Approach},
  shorttitle = {Human Motion Sensing and Recognition},
  author = {Liu, Honghai and Ju, Zhaojie and Ji, Xiaofei and Chan, Chee Seng and Khoury, Mehdi},
  year = {2017},
  series = {Studies in Computational Intelligence},
  volume = {675},
  publisher = {Springer Berlin Heidelberg},
  address = {Berlin, Heidelberg},
  isbn = {978-3-662-53690-2 978-3-662-53692-6},
  langid = {english}
}

@article{Sheikh2005,
  title = {An Information Fidelity Criterion for Image Quality Assessment Using Natural Scene Statistics},
  author = {Sheikh, H.R. and Bovik, A.C. and De Veciana, G.},
  year = {2005},
  journal = {IEEE Transactions on Image Processing},
  volume = {14},
  number = {12},
  pages = {2117--2128},
  copyright = {https://ieeexplore.ieee.org/Xplorehelp/downloads/license-information/IEEE.html},
  langid = {english}
}

@inproceedings{Si2023,
  title = {A Multimodal Teleoperation Interface for Human-Robot Collaboration},
  booktitle = {2023 IEEE International Conference on Mechatronics (ICM)},
  author = {Si, Weiyong and Zhong, Tianjian and Wang, Ning and Yang, Chenguang},
  year = {2023},
  pages = {1--6}
}

@inproceedings{Tsumugiwa2002,
  title = {Variable Impedance Control Based on Estimation of Human Arm Stiffness for Human-Robot Cooperative Calligraphic Task},
  booktitle = {Proceedings 2002 IEEE International Conference on Robotics and Automation (Cat. No.02CH37292)},
  author = {Tsumugiwa, T. and Yokogawa, R. and Hara, K.},
  year = {2002},
  volume = {1},
  pages = {644--650},
  publisher = {IEEE},
  address = {Washington, DC, USA},
  isbn = {978-0-7803-7272-6},
  langid = {english}
}

@inproceedings{Wang2023,
  title = {A Novel Collaborative Imitation Learning Framework for Dual-Arm Flipping Tasks},
  booktitle = {2023 5th International Conference on Robotics, Intelligent Control and Artificial Intelligence (RICAI)},
  author = {Wang, Weiyong and Zeng, Chao and Shi, Donghao and Yang, Chenguang},
  year = {2023},
  pages = {991--996},
  publisher = {IEEE},
  address = {Hangzhou, China},
  copyright = {https://doi.org/10.15223/policy-029},
  isbn = {9798350357950},
  langid = {english}
}

@article{Xu2023,
  title = {Image-Based Visual Impedance Force Control for Contact Aerial Manipulation},
  author = {Xu, Mengxin and Hu, An and Wang, Hesheng},
  year = {2023},
  journal = {IEEE Transactions on Automation Science and Engineering},
  volume = {20},
  number = {1},
  pages = {518--527},
  langid = {english}
}

@inproceedings{Yang2014,
  title = {Single-Image Super-Resolution: A Benchmark},
  shorttitle = {Single-Image Super-Resolution},
  booktitle = {Computer Vision -- ECCV 2014},
  author = {Yang, Chih-Yuan and Ma, Chao and Yang, Ming-Hsuan},
  year = {2014},
  pages = {372--386},
  publisher = {Springer, Cham},
  isbn = {978-3-319-10593-2},
  langid = {english}
}

@article{Yang2019,
  title = {Robot Learning System Based on Adaptive Neural Control and Dynamic Movement Primitives},
  author = {Yang, Chenguang and Chen, Chuize and He, Wei and Cui, Rongxin and Li, Zhijun},
  year = {2019},
  journal = {IEEE Transactions on Neural Networks and Learning Systems},
  volume = {30},
  number = {3},
  pages = {777--787}
}

@article{Yang2019b,
  title = {Biologically Inspired Motion Modeling and Neural Control for Robot Learning From Demonstrations},
  author = {Yang, Chenguang and Chen, Chuize and Wang, Ning and Ju, Zhaojie and Fu, Jian and Wang, Min},
  year = {2019},
  journal = {IEEE Transactions on Cognitive and Developmental Systems},
  volume = {11},
  number = {2},
  pages = {281--291}
}

@article{Zhang2005,
  title = {Active Curve Axis Gaussian Mixture Models},
  author = {Zhang, Baibo and Zhang, Changshui and Yi, Xing},
  year = {2005},
  journal = {Pattern Recognition},
  volume = {38},
  number = {12},
  pages = {2351--2362},
  langid = {english}
}

@article{ZhangWenAn,
  title = {基于动态运动原语和自适应控制的机器人技能学习},
  author = {张文安, 高伟展 and ZHANG Wenan, GAO Weizhan},
  journal = {上海交通大学学报},
  volume = {57},
  number = {3},
  pages = {354--365},
  langid = {cn}
}

@inproceedings{Zhou2019,
  title = {Vision-Based Adaptive Impedance Control for Robotic Polishing},
  booktitle = {2019 Chinese Control Conference (CCC)},
  author = {Zhou, Yang and Li, Xiang and Yue, Linzhu and Gui, Linhai and Sun, Guangli and Jiang, Xin and Liu, Yun-Hui},
  year = {2019},
  pages = {4560--4564},
  publisher = {IEEE},
  address = {Guangzhou, China},
  isbn = {978-988-15639-7-2},
  langid = {english}
}
