@inproceedings{Dong2023a,
  title = {Robot Learning from Multiple Demonstrations Based on Generalized Gaussian Mixture Model},
  booktitle = {2023 28th International Conference on Automation and Computing (ICAC)},
  author = {Dong, Jiale and Si, Weiyong and Wang, Ning and Yang, Chenguang},
  year = {2023},
  pages = {1--6}
}

@article{Ju2012,
  title = {Fuzzy Gaussian Mixture Models},
  author = {Ju, Zhaojie and Liu, Honghai},
  year = {2012},
  journal = {Pattern Recognition},
  volume = {45},
  number = {3},
  pages = {1146--1158},
  langid = {english}
}

@inproceedings{Li2021,
  title = {Vision-Based Robot Handwriting Skill Reproduction and Generalization},
  shorttitle = {🔤基于视觉的机器人手写技能再现与泛化},
  booktitle = {2021 27th International Conference on Mechatronics and Machine Vision in Practice (M2VIP)},
  author = {Li, Xian and Dai, Shi-Lu and Yang, Chenguang},
  year = {2021},
  pages = {469--474}
}

@inproceedings{Li2022,
  title = {An Observation Based Method for Human Robot Writing Skill Transfer},
  booktitle = {2022 IEEE 17th International Conference on Control \& Automation (ICCA)},
  author = {Li, Xian and Si, Weiyong and Yang, Chenguang},
  year = {2022},
  pages = {412--417}
}

@article{Zhang2005,
  title = {Active Curve Axis Gaussian Mixture Models},
  author = {Zhang, Baibo and Zhang, Changshui and Yi, Xing},
  year = {2005},
  journal = {Pattern Recognition},
  volume = {38},
  number = {12},
  pages = {2351--2362},
  langid = {english}
}
